<?xml version="1.0" encoding="UTF-8"?><collection xmlns="http://www.loc.gov/MARC21/slim"><record><leader>00491nam--2200193-u-4500</leader><controlfield tag="001">000055369</controlfield><controlfield tag="002">20161230</controlfield><controlfield tag="005">20161230201052</controlfield><controlfield tag="008">130122s1000------------r-----000-0-rus-d</controlfield><datafield ind1=" " ind2=" " tag="040"><subfield code="a">IFIN-HH</subfield></datafield><datafield ind1=" " ind2=" " tag="041"><subfield code="a">rus</subfield></datafield><datafield ind1=" " ind2=" " tag="080"><subfield code="a">539.3</subfield></datafield><datafield ind1="1" ind2=" " tag="100"><subfield code="a">Iligamov, M.A</subfield></datafield><datafield ind1="1" ind2="0" tag="245"><subfield code="a">Rascet obolocek s uprugim zapolnitelem</subfield><subfield code="c">M.a. iligamov, v.a. ivanov, b.v. gulin</subfield></datafield><datafield ind1=" " ind2=" " tag="260"><subfield code="a">Moskva</subfield><subfield code="b">Nauka</subfield><subfield code="c">1987</subfield></datafield><datafield ind1=" " ind2=" " tag="300"><subfield code="a">260P</subfield></datafield><datafield ind1="1" ind2=" " tag="700"><subfield code="a">Gulin, B.V</subfield></datafield><datafield ind1=" " ind2=" " tag="852"><subfield code="a">74209</subfield><subfield code="c">539.3</subfield></datafield><datafield ind1=" " ind2=" " tag="CAT"><subfield code="a">Sys</subfield><subfield code="c">20130122</subfield><subfield code="h">171544</subfield></datafield></record></collection>